@inproceedings{Wang,
	author={Guohui Wang and Yingen Xiong and J. Yun and J. R. Cavallaro},
	year={2013},
	title={Accelerating computer vision algorithms using OpenCL framework on the mobile GPU - A case study},
	booktitle={Acoustics, Speech and Signal Processing (ICASSP), 2013 IEEE International Conference on},
	pages={2629-2633},
	note={ID: 1}
}

@inproceedings{Kalarot,
	author={R. Kalarot and J. Morris},
	year={2010},
	title={Comparison of FPGA and GPU implementations of real-time stereo vision},
	booktitle={Computer Vision and Pattern Recognition Workshops (CVPRW), 2010 IEEE Computer Society Conference on},
	pages={9-15},
	note={ID: 1}
}

@inproceedings{Park,
	author={Jungsik Park and Junyeong Choi and Byung-Kuk Seo and Jong-Il Park},
	year={2013},
	title={FAST STEREO IMAGE RECTIFICATION USING MOBILE GPU},
	booktitle={The Third International Conference on Digital Information Processing and Communications (ICDIPC2013)},
	location={United Arab Emirates},
	pages={485-488}
}

@inproceedings{Shete,
	author={P. P. Shete and D. M. Sarode and S. K. Bose},
	year={2014},
	title={A real-time stereo rectification of high definition image stream using GPU},
	booktitle={Advances in Computing, Communications and Informatics (ICACCI, 2014 International Conference on},
	pages={158-162},
	note={ID: 1}
}

@inproceedings{Singhal,
	author={N. Singhal and In Kyu Park and Sungdae Cho},
	year={2010},
	title={Implementation and optimization of image processing algorithms on handheld GPU},
	booktitle={Image Processing (ICIP), 2010 17th IEEE International Conference on},
	pages={4481-4484},
	note={ID: 1},
	isbn={1522-4880}
}

@inproceedings{Sutton,
	author={D. Sutton and R. Green},
	year={2010},
	title={Evaluation of real time stereo vision system using web cameras},
	booktitle={Image and Vision Computing New Zealand (IVCNZ), 2010 25th International Conference of},
	pages={1-10},
	note={ID: 1},
	isbn={2151-2191}
}

@misc{Wang:2,
  author = 	 {W. Wang and J. Yan and N. Xu and Y. Wang and Feng-Hsiung Hsu},
  year = 	 {2015},
  title = 	 {Real-time High-quality Stereo Vision System in FPGA},
  journal = 	 {Circuits and Systems for Video Technology, IEEE Transactions on},
  volume = 	 {PP},
  number = 	 {99},
  pages = 	 {1-1},
  note = 	 {ID: 1},
  isbn = 	 {1051-8215}
}